@book{cathedral-y-bazaar,
  Author = {Eric S. Raymond},
  Title = {The Cathedral \& the Bazaar: Musings on Linux and Open Source by an Accidental Revolutionary},
  Publisher = {O'Reilly Media, Inc.},
  Year = {2001},
  ISBN = {0596001088},
  
}

@book{stallman-sl,
  Author = {Richard M. Stallman},
  Title = {Software libre para una sociedad libre},
  Publisher = {Proyecto Editorial Traficantes de Sue√±os},
  Year = {2004},
  ISBN = {8493355518}
}

@Misc{honeynet-kippo,
  Title = {Kippo Honeypot},
  howpublished = "\url{https://github.com/desaster/kippo}"
}

@Misc{honeynet-dionaea,
  Title = {Dionaea Honeypot},
  howpublished = "\url{https://www.honeynet.org/project/Dionaea}"
}

@Misc{honeynet-dockpot,
  Title = {Dockpot Honeypot},
  howpublished = "\url{https://www.honeynet.org/project/dockpot}"
}

@Misc{frazzelle-containers,
  Author = {Jessie Frazzele},
  Title = {Containers vs Jails vs Zones vs VMs},
  howpublished = "\url{https://blog.jessfraz.com/post/containers-zones-jails-vms/}"
}

@Misc{honeynet-lowinteraction,
  Author = {Honeynet Project},
  Title = {Low interaction Honeypots},
  howpublished = "\url{https://www.honeynet.org/node/1267}"
}

@Misc{wikipedia-defense-in-depth,
  author =	 {Wikipedia community},
  title =	 {{Defense in depth article (English) }},
  howpublished = "\url{https://en.wikipedia.org/wiki/Defense_in_depth_(computing)}",
  annote =	 { Articulo de Wikipedia que es la fuente para la definicion de defensa en profundidad. }
}
